@BOOK{FeldmanSanger2007,
  title = {The Text Mining Handbook: Advanced Approaches in Analyzing Unstructued Data},
  publisher = {Cambridge University Press},
  year = {2007},
  author = {Ronan Feldman and James Sanger},
  address = {New York, NY, USA}
}

@ARTICLE{SuchanekEtAl2008,
  author = {Suchanek, Fabian M. and Kasneci, Gjergji and Weikum, Gerhard},
  title = {YAGO: A Large Ontology from Wikipedia and WordNet},
  journal = {Web Semantics: Science, Services and Agents on the World Wide Web},
  year = {2008},
  volume = {6},
  pages = {203--217},
  number = {3},
  address = {Amsterdam, The Netherlands, The Netherlands},
  doi = {http://dx.doi.org/10.1016/j.websem.2008.06.001},
  publisher = {Elsevier Science Publishers B. V.},
}

@INPROCEEDINGS{GuoEtAl2009,
  author = {Jiafeng Guo and Gu Xu and Xueqi Cheng and Hang Li},
  title = {Named Entity Recognition in Query},
  booktitle = {Proceedings of the 32nd international ACM SIGIR conference on Research and development in information retrieval (SIGIR '09)},
  year = {2009},
  pages = {267-274},
  bibsource = {DBLP, http://dblp.uni-trier.de},
  ee = {http://doi.acm.org/10.1145/1571941.1571989},
}







@ARTICLE{paper:Guha,
  author = {R. Guha and A. Garg},
  title = {Disambiguating people in search},
  journal = {In TAP: Building the Semantic Web},
  year = {2003},
}


@ARTICLE{paper:Na,
  author = {Seung-Hoon Na, Hwee Tou Ng},
  title = {A 2-Poisson Model for Probabilistic Coreference of Named Entities for Improved Text Retrieval},
  journal = {Annual ACM Conference on Research and Development in Information Retrieval},
  year = {2009},
  address = {New York, NY, USA},
  doi = {http://portal.acm.org/citation.cfm?id=1571941.1571990},
  publisher = {ACM},
}

@ARTICLE{paper:Robertson,
  author = {S. E. Robertson and S. Walker},
  title = {Some simple effective approximations to the 2-Poisson model for probabilistic weighted retrieval.},
  journal = {In SIGIR'94},
  year = {1994},
  pages = {232-241},
}

@MISC{wiki:peter_chen,
  author = {Modified: 21:02, 21 May 2010 Nineball},
  title = {Peter Chen},
  journal = {wikipedia},
  year = {2010},
  doi = {http://en.wikipedia.org/wiki/Peter_Chen},
  publisher = {wikipedia},
}
